<record><leader>00000cas a2200000 a 4500</leader><controlfield tag="001">10774270</controlfield><controlfield tag="008">840525c19739999ncuwr ne      0   a0eng d</controlfield><datafield ind1=" " ind2=" " tag="010"><subfield code="a">sn 86010718 </subfield></datafield><datafield ind1=" " ind2=" " tag="040"><subfield code="a">WIH</subfield><subfield code="b">eng</subfield><subfield code="c">WIH</subfield><subfield code="d">NSD</subfield><subfield code="d">NST</subfield><subfield code="d">NVJ</subfield><subfield code="d">OCLCQ</subfield><subfield code="d">OCLCF</subfield><subfield code="d">OCLCO</subfield></datafield><datafield ind1=" " ind2=" " tag="012"><subfield code="l">1</subfield></datafield><datafield ind1="1" ind2=" " tag="022"><subfield code="a">0891-7965</subfield><subfield code="l">0891-7965</subfield><subfield code="2">1</subfield></datafield><datafield ind1="1" ind2=" " tag="029"><subfield code="a">AU@</subfield><subfield code="b">000020104233</subfield></datafield><datafield ind1=" " ind2=" " tag="037"><subfield code="b">Paraglide, Box 35395, Fayetteville, NC 28303</subfield></datafield><datafield ind1=" " ind2=" " tag="042"><subfield code="a">nsdp</subfield></datafield><datafield ind1=" " ind2=" " tag="043"><subfield code="a">n-us-nc</subfield></datafield><datafield ind1="0" ind2=" " tag="130"><subfield code="a">Paraglide (Fort Bragg, N.C. : 1973)</subfield></datafield><datafield ind1=" " ind2="0" tag="222"><subfield code="a">Paraglide</subfield><subfield code="b">(Fort Bragg, N.C.)</subfield></datafield><datafield ind1="0" ind2="4" tag="245"><subfield code="a">The paraglide.</subfield></datafield><datafield ind1="1" ind2="3" tag="246"><subfield code="a">Ft. Bragg paraglide</subfield><subfield code="f">Oct. 11, 1973-Jan. 27, 1977</subfield></datafield><datafield ind1="1" ind2="3" tag="246"><subfield code="a">Fort Bragg paraglide</subfield></datafield><datafield ind1=" " ind2=" " tag="260"><subfield code="a">Raeford, N.C. :</subfield><subfield code="b">Dickson Press</subfield></datafield><datafield ind1=" " ind2=" " tag="300"><subfield code="a">v. :</subfield><subfield code="b">ill. ;</subfield><subfield code="c">58 cm.</subfield></datafield><datafield ind1=" " ind2=" " tag="310"><subfield code="a">Weekly</subfield></datafield><datafield ind1="0" ind2=" " tag="362"><subfield code="a">Vol. 33, no. 40 (Oct. 11, 1973)-</subfield></datafield><datafield ind1=" " ind2=" " tag="500"><subfield code="a">"Published in cooperation with Public Information Office, XVIII Airborne Corps."</subfield></datafield><datafield ind1=" " ind2=" " tag="500"><subfield code="a">"Published ... for Ft. Bragg, North Carolina by Dickson Press, Inc., Raeford, N.C."</subfield></datafield><datafield ind1=" " ind2=" " tag="500"><subfield code="a">Published in Fort Bragg, N.C., &lt;Sept. 11, 1986-&gt;.</subfield></datafield><datafield ind1=" " ind2=" " tag="500"><subfield code="a">"Published in the interest of the personnel of Ft. Bragg and Pope Air Force Base."</subfield></datafield><datafield ind1=" " ind2=" " tag="530"><subfield code="a">Available on microfilm from the State Historical Society of Wisconsin.</subfield></datafield><datafield ind1=" " ind2="0" tag="651"><subfield code="a">Fort Bragg (N.C.)</subfield><subfield code="v">Newspapers.</subfield></datafield><datafield ind1=" " ind2="7" tag="655"><subfield code="a">Newspapers.</subfield><subfield code="2">fast</subfield><subfield code="0">(OCoLC)fst01423814</subfield></datafield><datafield ind1=" " ind2="7" tag="651"><subfield code="a">North Carolina</subfield><subfield code="z">Fort Bragg.</subfield><subfield code="2">fast</subfield><subfield code="0">(OCoLC)fst01228963</subfield></datafield><datafield ind1=" " ind2=" " tag="752"><subfield code="a">United States</subfield><subfield code="b">North Carolina</subfield><subfield code="c">Cumberland</subfield><subfield code="d">Fayetteville.</subfield></datafield><datafield ind1=" " ind2=" " tag="752"><subfield code="a">United States</subfield><subfield code="b">North Carolina</subfield><subfield code="d">Fort Bragg.</subfield></datafield><datafield ind1="0" ind2="0" tag="780"><subfield code="t">Fort Bragg paraglide</subfield><subfield code="w">(DLC)sn 98058966</subfield></datafield><datafield ind1=" " ind2=" " tag="936"><subfield code="a">Vol. 46, no. 37 (Thurs., Sept. 11, 1986) LIC</subfield></datafield></record>